@mastersthesis{eve09,
    author      = {Evers, G.},
    year        = {2009},
    title       = {An Automatic Regrouping Mechanism to Deal with Stagnation in Particle Swarm Optimization},
    school      = {The University of Texas, Department of Electrical Engineering},
    location    = {Pan American},
    note        = {\url{http://www.georgeevers.org/thesis.pdf}},
}
@inproceedings{lk02,
    author = {Lovbjerg, M. and Krink, T.},
    title = {Proceedings of the Fourth Congress on Evolutionary Computation (CEC)},
    booktitle = {Extending Particle Swarm Optimisers with Self-Organized Criticality},
    year = {2002},
    volume = {2},
    pages = {1588-1593}
}
@article{xin10,
    author = {Xinchao, Z},
    year = {2010},
    title = {A perturbed particle swarm algorithm for numerical optimization},
    journal = {Applied Soft Computing},
    volume = {10},
    number = {1},
    pages = {119-124},
    note = {\url{https://www.sciencedirect.com/science/article/pii/S1568494609000830}}
}
@conference{xzy02,
    author = {Xie, Xiao-Feng and Zhang, Wen-Jun and Yang, Zhi-Lian},
    year = {2002},
    booktitle = {A dissipative particle swarm optimization},
    title = {Congress on Evolutionary Computation (CEC)}, location = {Honolulu, HI, USA},
    pages = {1456-1461},
    note = {\url{http://www.wiomax.com/team/xie/paper/CEC02.pdf}}
}
@inproceedings{pv02,
    author = {Parsopoulos, K. and Vrahatis, M.},
    year = {2002},
    booktitle = {Particle swarm optimization method in multiobjective problems},
    title = {Proceedings of the ACM Symposium on Applied Computing (SAC)}, 
    pages = {603-607},
    note = {\url{https://dl.acm.org/citation.cfm?doid=508791.508907}}
}
@conference{cs02,
    author = {Coello Coello, C. and Salazar Lechuga, M.},
    year = {2002},
    booktitle = {MOPSO: A Proposal for Multiple Objective Particle Swarm Optimization},
    title = {Congress on Evolutionary Computation (CEC'2002)},
    pages = {1051-1056},
    note = {\url{https://dl.acm.org/citation.cfm?id=1252327}}
}
@article{mdh17,
    author = {Mason, Karl and Duggan, Jim and Howley, Enda},
    year = {2017},
    title={Multi-objective dynamic economic emission dispatch using particle swarm optimisation variants}, 
    journal = {Neurocomputing},
    volume = {270},
    pages = {188-197},
    note = {\url{https://www.sciencedirect.com/science/article/pii/S0925231217310767}}
}