@article{tcs13,
    author = {Tomoiaga, B. and Chindris, M. and Sumper, A. and Sudria-Andreu, A. and Villafafila-Robles, R.},
    title = {Pareto Optimal Reconfiguration of Power Distribution Systems Using a Genetic Algorithm Based on NSGA-II},
    journal = {Energies},
    year = {2013},
    volume = {6},
    number = {3},
    pages = {1439-1455},
    note = {\url{http://www.mdpi.com/1996-1073/6/3/1439/pdf}}
}
@unpublished{gb13,
    author = {Gross, Bill},
    title = {A solar energy system that tracks the sun},
    year = {2013},
    note = {\url{https://www.ted.com/talks/bill_gross_on_new_energy}}
}
@unpublished{hll,
    author = {Hornby, G. S. and Linden, D. S. and Lohn, J. D.}, 
    title = {Automated Antenna Design with Evolutionary Algorithms},
    note = {\url{https://ti.arc.nasa.gov/m/pub-archive/1244h/1244\%20(Hornby).pdf}},
}
@unpublished{robotwalking,
    title = {Flexible Muscle-Based Locomotion for Bipedal Creatures},
    note = {\url{https://www.goatstream.com/research/papers/SA2013/index.html}}
}
@article{ew17,
    author = {Evans, B. and Walton, S. P.},
    year = {2017},
    title = {Aerodynamic optimisation of a hypersonic reentry vehicle based on solution of the Boltzmannâ€“BGK equation and evolutionary optimisation},
    journal = {Applied Mathematical Modelling},
    volume = {52},
    pages = {215-240},
 note = {\url{https://cronfa.swan.ac.uk/Record/cronfa34688}}
}