@book{alsevich1990,
    title     = {Практикум по дифференциальным уравнениям},
    author    = {Альсевич Л.~А., Черенкова Л.~П.},
    year      = 1990,
    publisher = {Вышейшая школа},
    address   = {Минск},
    pages     = {1-318}
}

@book{gudimenko1972,
    title     = {Збірник задач з діференціальних рівнянь},
    author    = {Гудименко Ф.~С., Павлюк І.~А, Волкова В.~О.},
    year      = 1972,
    publisher = {Вища школа},
    address   = {Київ},
    pages     = {1-154}
}

@book{guter1976,
    title     = {Дифференциальные уравнения},
    author    = {Гутер Р.~С., Ямпольский А.~Р.},
    year      = 1976,
    publisher = {Высшая школа},
    address   = {Москва},
    pages     = {1-304}
}

@book{erugin1970,
    title     = {Книга для чтения по общему курсу дифференциальных уравнений},
    author    = {Еругин Н.~П.},
    year      = 1970,
    publisher = {Наука и техника},
    address   = {Минск},
    pages     = {1-371}
}

@book{zeldovych1967,
    title     = {Элементы прикладной математики},
    author    = {Зельдович Я.~Б., Мышкис А.~Д.},
    year      = 1967,
    publisher = {Наука},
    address   = {Москва},
    pages     = {1-646}
}

@book{kamke1971,
    title     = {Справочник по обыкновенным дифференциальным уравнениям},
    author    = {Камке Э.},
    year      = 1971,
    publisher = {Наука},
    address   = {Москва},
    pages     = {1-576}
}

@book{kartashev1976,
    title     = {Обыкновенные дифференциальные уравнения и основы вариационного исчисления},
    author    = {Карташев А.~П., Рождественский Б.~Л.},
    year      = 1976,
    publisher = {Наука},
    address   = {Москва},
    pages     = {1-256}
}

@book{lyashko1981,
    title     = {Диференщальні рівняння},
    author    = {Ляшко І.~І., Боярчук О.~К., Гай Я.~Г., Калайда О.~Ф.},
    year      = 1981,
    publisher = {Вища школа},
    address   = {Київ},
    pages     = {1-504}
}

@book{matveev1967,
    title     = {Методы интегрирования обыкновенных дифференциалъных уравнений},
    author    = {Матвеев Н.~М.},
    year      = 1967,
    publisher = {Высшая школа},
    address   = {Москва},
    pages     = {1-564}
}

@book{matveev1962,
    title     = {Сборник задач по обыкновенным дифференциальным уравнениям},
    author    = {Матвеев Н.~М.},
    year      = 1962,
    publisher = {Росвузиздат},
    address   = {Москва},
    pages     = {1-291}
}

@book{myshkis1971,
    title     = {Математика для вузов. Специальные курсы},
    author    = {Мышкис А.~Д.},
    year      = 1971,
    publisher = {Наука},
    address   = {Москва},
    pages     = {1-632}
}

@book{petrovski1970,
    title     = {Лекции по теории обыкновенных дифференциальных уравнений},
    author    = {Петровский И.~Г.},
    year      = 1970,
    publisher = {Наука},
    address   = {Москва},
    pages     = {1-279}
}

@book{pontriagyn1970,
    title     = {Обыкновенные дифференциальные уравнения},
    author    = {Понтрягин Л.~С.},
    year      = 1970,
    publisher = {Наука},
    address   = {Москва},
    pages     = {1-331}
}

@book{samoylenko1989,
    title     = {Дифференциальные уравнения: примеры и задачи},
    author    = {Самойленко А.~М., Перестюк Н.~А., Кривошея С.~А.},
    year      = 1989,
    publisher = {Высшая школа},
    address   = {Москва},
    pages     = {1-384}
}

@book{samoylenko_p1994,
    title     = {Диференціальні рівняння у прикладах і задачах},
    author    = {Самойленко А.~Ф., Кривошея С.~А., Перестюк М.~О.},
    year      = 1994,
    publisher = {Вища школа},
    address   = {Київ},
    pages     = {1-454}
}

@book{samoylenko_l1994,
    title     = {Диференціальні рівняння},
    author    = {Самойленко А.~М., Перестюк М.~О., Перестюк М.~Ю.},
    year      = 1994,
    publisher = {Либідь},
    address   = {Київ},
    pages     = {1-360}
}

@book{stepanov1959,
    title     = {Курс дифференциальных уравнений},
    author    = {Степанов В.~В.},
    year      = 1959,
    publisher = {Физматгиз},
    address   = {Москва},
    pages     = {1-468}
}

@book{tikhonov1985,
    title     = {Дифференциальные уравнения},
    author    = {Тихонов А., Васильева А.~Б., Свешников А.~Г.},
    year      = 1985,
    publisher = {Наука},
    address   = {Москва},
    pages     = {1-231}
}

@book{filipov1985,
    title     = {Сборник задач по дифференциальным уравнениям},
    author    = {Филиппов А.~Ф.},
    year      = 1985,
    publisher = {Наука},
    address   = {Москва},
    pages     = {1-127}
}

@book{elsgolz1969,
    title     = {Дифференциальные уравнения и вариационное исчисление},
    author    = {Эльсгольц Л.~З.},
    year      = 1969,
    publisher = {Наука},
    address   = {Москва},
    pages     = {1-424}
}
