@ARTICLE{1,
    AUTHOR="M. V. Afonso and J. M. Bioucas-Dias and M. A. T. Figueiredo",
    TITLE="Fast image recovery using variable splitting and constrained optimization",
    JOURNAL="IEEE Transactions on Image Processing",
    VOLUME="19",
    NUMBER="9", 
    PAGES="2345-2356", 
    YEAR="2010"
}
@ARTICLE{2,
    AUTHOR="M. V. Afonso and J. M. Bioucas-Dias and M. A. T. Figueiredo",
    TITLE="An Augmented Lagrangian Approach to the Constrained Optimization Formulation of Imaging Inverse Problems",
    JOURNAL="IEEE Transactions on Image Processing",
    VOLUME="20",
    PAGES="681-695", 
    YEAR="2011"
}
@BOOK{3,
    AUTHOR="E. Anderson and Z. Bai and C. Bischof and J. Demmel and J. Dongarra and J. D. Croz and A. Greenbaum and S. Hammarling and A. McKenney and D. Sorenson",
    TITLE="LAPACK: A portable linear algebra library for high-performance computers",
    PUBLISHER="IEEE Computing Society Press",
    YEAR="1990"
}
@ARTICLE{4,
    AUTHOR="K. J. Arrow and G. Debreu", 
    TITLE="Existence of an equilibrium for a competitive economy",
    JOURNAL="Econometrica: Journal of the Econometric Society",
    VOLUME="22",
    NUMBER="3",
    PAGES="265-290",
    YEAR="1954"
}
@BOOK{5,
    AUTHOR="K. J. Arrow, and L. Hurwicz, and H. Uzawa",
    TITLE="Studies in Linear and Nonlinear Programming",
    PUBLISHER="Stanford University Press",
    LOCATION="Stanford",
    YEAR="1958"
}
@BOOK{6,
    AUTHOR="K. J. Arrow and R. M. Solow",
    TITLE="Gradient methods for constrained maxima, with weakened assumptions",
    PUBLISHER="Stanford University Press",
    LOCATION="Stanford",
    YEAR="1958"
}
@ARTICLE{7,
    AUTHOR="O. Banerjee and L. E. Ghaoui and A. d'Aspremont",
    TITLE="Model selection through sparse maximum likelihood estimation for multivariate Gaussian or binary data",
    JOURNAL="Journal of Machine Learning Research",
    VOLUME="9",
    PAGES="485-516",
    YEAR="2008"
}
@ARTICLE{8,
    AUTHOR="P. L. Bartlett and M. I. Jordan and J. D. McAuliffe",
    TITLE="Convexity, classification, and risk bounds",
    JOURNAL="Journal of the American Statistical Association",
    VOLUME="101",
    NUMBER="473",
    PAGES="138-156",
    YEAR="2006"
}
@ARTICLE{9,
    AUTHOR="H. H. Bauschke and J. M. Borwein",
    TITLE="Dykstra's alternating projection algorithm for two sets",
    JOURNAL="Journal of Approximation Theory",
    VOLUME="79",
    NUMBER="3",
    PAGES="418-443",
    YEAR="1994"
}
@ARTICLE{10,
    AUTHOR="H. H. Bauschke and J. M. Borwein",
    TITLE="On projection algorithms for solving convex feasibility problems",
    JOURNAL="SIAM Review",
    VOLUME="38",
    NUMBER="3",
    PAGES="367-426",
    YEAR="1996"
}
@ARTICLE{11,
    AUTHOR="A. Beck and M. Teboulle",
    TITLE="A fast iterative shrinkage-thresholding algorithm for linear inverse problems",
    JOURNAL="SIAM Journal on Imaging Sciences",
    VOLUME="2",
    NUMBER="1",
    PAGES="183-202",
    YEAR="2009"
}
@ARTICLE{12,
    AUTHOR="S. Becker and J. Bobin and E. J. Candes",
    TITLE="NESTA: A fast and accurate firstorder method for sparse recovery",
    URL="http://www.acm.caltech.edu/~emmanuel/papers/NESTA.pdf",
    YEAR="2009",
    JOURNAL="??"
}
@ARTICLE{13,
    AUTHOR="J. F. Benders",
    TITLE="Partitioning procedures for solving mixed-variables programming problems",
    JOURNAL="Numerische Mathematik",
    VOLUME="4",
    PAGES="238-252",
    YEAR="1962"
}
@INBOOK{14,
    AUTHOR="A. Bensoussan, and J.-L. Lions, and R. Temam",
    TITLE="Sur les methodes de decomposition, de decentralisation et de coordination et applications",
    PUBLISHER="Methodes Mathematiques de l'Informatique",
    PAGES="133-257",
    YEAR="1976"
}
@BOOK{15,
    AUTHOR="D. P. Bertsekas",
    TITLE="Constrained Optimization and Lagrange Multiplier Methods",
    PUBLISHER="Academic Press",
    YEAR="1982"
}
@BOOK{16,
    AUTHOR="D. P. Bertsekas",
    TITLE="Nonlinear Programming",
    PUBLISHER="Athena Scientific",
    EDITION="2",
    YEAR="1999",
}
@BOOK{17,
    AUTHOR="D. P. Bertsekas and J. N. Tsitsiklis",
    TITLE="Parallel and Distributed Computation: Numerical Methods",
    PUBLISHER="Prentice Hall",
    YEAR="1989"
}
@BOOK{18,
    AUTHOR="J. M. Bioucas-Dias and M. A. T. Figueiredo",
    TITLE="Alternating Direction Algorithms for Constrained Sparse Regression: Application to Hyperspectral Unmixing",
    YEAR="2010",
    PUBLISHER="??"
}
@BOOK{19,
    AUTHOR="J. Borwein and A. Lewis",
    TITLE="Convex Analysis and Nonlinear Optimization: Theory and Examples",
    PUBLISHER="Canadian Mathematical Society", 
    YEAR="2000"
}
@BOOK{20,
    AUTHOR="S. Boyd and L. Vandenberghe",
    TITLE="Convex Optimization",
    PUBLISHER="Cambridge University Press",
    YEAR="2004"
}
@ARTICLE{21,
    AUTHOR="L. M. Bregman",
    TITLE="Finding the common point of convex sets by the method of successive projections",
    JOURNAL="Proceedings of the USSR Academy of Sciences",
    VOLUME="162",
    NUMBER="3",
    PAGES="487-490",
    YEAR="1965"
}
@ARTICLE{22,
    AUTHOR="L. M. Bregman",
    TITLE="The relaxation method of finding the common point of convex sets and its application to the solution of problems in convex programming",
    JOURNAL="USSR Computational Mathematics and Mathematical Physics",
    VOLUME="7",
    NUMBER="3",
    PAGES="200-217",
    YEAR="1967"
}
@BOOK{23,
    AUTHOR="H. Brezis",
    TITLE="Operateurs Maximaux Monotones et Semi-Groupes de Contractions dans les Espaces de Hilbert",
    PUBLISHER="North-Holland",
    LOCATION="Amsterdam",
    YEAR="1973"
}
@ARTICLE{24,
    AUTHOR="A. M. Bruckstein, and D. L. Donoho, and M. Elad", 
    TITLE="From sparse solutions of systems of equations to sparse modeling of signals and images",
    JOURNAL="SIAM Review",
    VOLUME="51",
    NUMBER="1",
    PAGES="34-81",
    YEAR="2009"
}
@BOOK{25,
    AUTHOR="Y. Bu, and B. Howe, and M. Balazinska, and M. D. Ernst",
    TITLE="HaLoop: Efficient Iterative Data Processing on Large Clusters",
    PUBLISHER="Proceedings of the 36th International Conference on Very Large Databases", 
    YEAR="2010"
}
@ARTICLE{26,
    AUTHOR="R. H. Byrd and P. Lu and J. Nocedal",
    TITLE="A Limited Memory Algorithm for Bound Constrained Optimization",
    JOURNAL="SIAM Journal on Scientific and Statistical Computing",
    VOLUME="16",
    NUMBER="5",
    PAGES="1190-1208", 
    YEAR="1995"
}
@ARTICLE{27,
    AUTHOR="E. J. Candes and Y. Plan", 
    TITLE="Near-ideal model selection by $\ell_1$ minimization",
    JOURNAL="Annals of Statistics", 
    VOLUME="37",
    NUMBER="5A",
    PAGES="2145-2177", 
    YEAR="2009"
}
@ARTICLE{28,
    AUTHOR="E. J. Candes and J. Romberg and T. Tao",
    TITLE="Robust uncertainty principles: Exact signal reconstruction from highly incomplete frequency information",
    JOURNAL="IEEE Transactions on Information Theory",
    VOLUME="52",
    NUMBER="2",
    PAGES="489",
    YEAR="2006"
}
@ARTICLE{29,
    AUTHOR="E. J. Candes and T. Tao",
    TITLE="Near-optimal signal recovery from random projections: Universal encoding strategies?",
    JOURNAL="IEEE Transactions on Information Theory",
    VOLUME="52",
    NUMBER="12",
    PAGES="5406-5425",
    YEAR="2006"
}
@ARTICLE{30,
    AUTHOR="Y. Censor and S. A. Zenios", 
    TITLE="Proximal minimization algorithm with Dfunctions",
    JOURNAL="Journal of Optimization Theory and Applications", 
    VOLUME="73", 
    NUMBER="3",
    PAGES="451-464", 
    YEAR="1992"
}
@BOOK{31,
    AUTHOR="Y. Censor and S. A. Zenios",
    TITLE="Parallel Optimization: Theory, Algorithms, and Applications",
    PUBLISHER="Oxford University Press", 
    YEAR="1997"
}
@ARTICLE{32,
    AUTHOR="F. Chang and J. Dean and S. Ghemawat and W. C. Hsieh and D. A. Wallach and M. Burrows and T. Chandra and A. Fikes and R. E. Gruber", 
    TITLE="BigTable: A distributed storage system for structured data",
    JOURNAL="ACM Transactions on Computer Systems", 
    VOLUME="26",
    NUMBER="2",
    PAGES="1-26", 
    YEAR="2008"
}
@ARTICLE{33,
    AUTHOR="G. Chen and M. Teboulle", 
    TITLE="A proximal-based decomposition method for convex minimization problems",
    JOURNAL="Mathematical Programming", 
    VOLUME="64", 
    PAGES="81-101",
    YEAR="1994"
}
@ARTICLE{34,
    AUTHOR="S. S. Chen and D. L. Donoho and M. A. Saunders",
    TITLE="Atomic decomposition by basis pursuit",
    JOURNAL="SIAM Review",
    VOLUME="43",
    PAGES="129-159",
    YEAR="2001"
}
@ARTICLE{35,
    AUTHOR="Y. Chen and T. A. Davis and W. W. Hager and S. Rajamanickam", 
    TITLE="Algorithm 887: CHOLMOD, supernodal sparse Cholesky factorization and update/downdate",
    JOURNAL="ACM Transactions on Mathematical Software", 
    VOLUME="35",
    NUMBER="3", 
    PAGES="22", 
    YEAR="2008"
}
@ARTICLE{36,
    AUTHOR="W. Cheney and A. A. Goldstein", 
    TITLE="Proximity maps for convex sets",
    JOURNAL="Proceedings of the American Mathematical Society", 
    VOLUME="10", 
    NUMBER="3", 
    PAGES="448-450", 
    YEAR="1959"
}
@BOOK{37,
    AUTHOR="C. T. Chu and S. K. Kim and Y. A. Lin and Y. Y. Yu and G. Bradski and A. Y. Ng and K. Olukotun", 
    TITLE="MapReduce for machine learning on multicore",
    PUBLISHER="Advances in Neural Information Processing Systems", 
    YEAR="2007"
}
@ARTICLE{38,
    AUTHOR="J. F. Claerbout and F. Muir",
    TITLE="Robust modeling with erratic data",
    JOURNAL="Geophysics",
    VOLUME="38",
    PAGES="826",
    YEAR="1973"
}
@ARTICLE{39,
    AUTHOR="P. L. Combettes", 
    TITLE="The convex feasibility problem in image recovery",
    JOURNAL="Advances in Imaging and Electron Physics", 
    VOLUME="95", 
    PAGES="155-270", 
    YEAR="1996"
}
@ARTICLE{40,
    AUTHOR="P. L. Combettes and J. C. Pesquet", 
    TITLE="A Douglas-Rachford splitting approach to nonsmooth convex variational signal recovery",
    JOURNAL="IEEE Journal on Selected Topics in Signal Processing", 
    VOLUME="1", 
    NUMBER="4", 
    PAGES="564-574", 
    YEAR="2007"
}
@BOOK{41,
    AUTHOR="P. L. Combettes and J. C. Pesquet", 
    TITLE="Proximal Splitting Methods in Signal Processing",
    YEAR="2009",
    PUBLISHER="??"
}
@ARTICLE{42,
    AUTHOR="P. L. Combettes and V. R. Wajs", 
    TITLE="Signal recovery by proximal forwardbackward splitting",
    JOURNAL="Multiscale Modeling and Simulation", 
    VOLUME="4", 
    NUMBER="4",
    PAGES="1168-1200", 
    YEAR="2006"
}
@BOOK{43,
    AUTHOR="G. B. Dantzig",
    TITLE="Linear Programming and Extensions",
    PUBLISHER="RAND Corporation",
    YEAR="1963"
}
@ARTICLE{44,
    AUTHOR="G. B. Dantzig and P. Wolfe",
    TITLE="Decomposition principle for linear programs",
    JOURNAL="Operations Research",
    VOLUME="8",
    PAGES="101-111",
    YEAR="1960"
}
@ARTICLE{45,
    AUTHOR="I. Daubechies and M. Defrise and C. D. Mol",
    TITLE="An iterative thresholding algorithm for linear inverse problems with a sparsity constraint", 
    JOURNAL="Communications on Pure and Applied Mathematics",
    VOLUME="57",
    PAGES="1413-1457",
    YEAR="2004"
}
@ARTICLE{46,
    AUTHOR="J. Dean and S. Ghemawat", 
    TITLE="MapReduce: Simplified data processing on large clusters",
    JOURNAL="Communications of the ACM", 
    VOLUME="51", 
    NUMBER="1", 
    PAGES="107-113", 
    YEAR="2008"
}
@BOOK{47,
    AUTHOR="J. W. Demmel", 
    TITLE="Applied Numerical Linear Algebra",
    PUBLISHER="SIAM",
    LOCATION="Philadelphia, PA",
    YEAR="1997"
}
@ARTICLE{48,
    AUTHOR="A. P. Dempster", 
    TITLE="Covariance selection",
    JOURNAL="Biometrics", 
    VOLUME="28", 
    NUMBER="1", 
    PAGES="157-175", 
    YEAR="1972"
}
@ARTICLE{49,
    AUTHOR="D. L. Donoho",
    TITLE="De-noising by soft-thresholding",
    JOURNAL="IEEE Transactions on Information Theory",
    VOLUME="41",
    PAGES="613-627",
    YEAR="1995"
}
@ARTICLE{50,
    AUTHOR="D. L. Donoho",
    TITLE="Compressed sensing",
    JOURNAL="IEEE Transactions on Information Theory",
    VOLUME="52",
    NUMBER="4",
    PAGES="1289-1306",
    YEAR="2006"
}
@ARTICLE{51,
    AUTHOR="D. L. Donoho and A. Maleki and A. Montanari",
    TITLE="Message-passing algorithms for compressed sensing",
    JOURNAL="Proceedings of the National Academy of Sciences",
    VOLUME="106",
    NUMBER="45",
    PAGES="18914",
    YEAR="2009"
}
@BOOK{52,
    AUTHOR="D. L. Donoho and Y. Tsaig",
    TITLE="Fast solution of $\ell_1$-norm minimization problems when the solution may be sparse",
    PUBLISHER="Tech. Rep., Stanford University",
    YEAR="2006"
}
@BOOK{53,
    AUTHOR="J. Douglas and H. H. Rachford", 
    TITLE="On the numerical solution of heat conduction problems in two and three space variables",
    PUBLISHER="Transactions of the American Mathematical Society", 
    VOLUME="82", 
    PAGES="421-439", 
    YEAR="1956"
}
@BOOK{54,
    AUTHOR="J. C. Duchi and A. Agarwal and M. J. Wainwright", 
    TITLE="Distributed Dual Averaging in Networks",
    PUBLISHER="Advances in Neural Information Processing Systems", 
    YEAR="2010"
}
@INPROCEEDINGS{55,
    AUTHOR="J. C. Duchi and S. Gould and D. Koller", 
    TITLE="Projected subgradient methods for learning sparse Gaussians",
    BOOKTITLE="Proceedings of the Conference on Uncertainty in Artificial Intelligence", 
    YEAR="2008"
}
@ARTICLE{56,
    AUTHOR="R. L. Dykstra", 
    TITLE="An algorithm for restricted least squares regression",
    JOURNAL="Journal of the American Statistical Association", 
    VOLUME="78", 
    PAGES="837-842", 
    YEAR="1983"
}
@PHDTHESIS{57,
    AUTHOR="J. Eckstein", 
    TITLE="Splitting methods for monotone operators with applications to parallel optimization",
    SCHOOL="MIT", 
    YEAR="1989"
}
@INBOOK{58,
    AUTHOR="J. Eckstein", 
    TITLE="Nonlinear proximal point algorithms using Bregman functions, with applications to convex programming",
    PUBLISHER="Mathematics of Operations Research", 
    PAGES="202-226", 
    YEAR="1993"
}
@ARTICLE{59,
    AUTHOR="J. Eckstein", 
    TITLE="Parallel alternating direction multiplier decomposition of convex programs",
    JOURNAL="Journal of Optimization Theory and Applications", 
    VOLUME="80", 
    NUMBER="1",
    PAGES="39-62", 
    YEAR="1994"
}
@ARTICLE{60,
    AUTHOR="J. Eckstein", 
    TITLE="Some saddle-function splitting methods for convex programming", 
    JOURNAL="Optimization Methods and Software", 
    VOLUME="4", 
    NUMBER="1", 
    PAGES="75-83", 
    YEAR="1994"
}
@ARTICLE{61,
    AUTHOR="J. Eckstein", 
    TITLE="A practical general approximation criterion for methods of multipliers based on Bregman distances",
    JOURNAL="Mathematical Programming", 
    VOLUME="96",
    NUMBER="1", 
    PAGES="61-86", 
    YEAR="2003"
}
@BOOK{62,
    AUTHOR="J. Eckstein and D. P. Bertsekas", 
    TITLE="An alternating direction method for linear programming",
    PUBLISHER="Tech. Rep., MIT", 
    YEAR="1990"
}
@ARTICLE{63,
    AUTHOR="J. Eckstein and D. P. Bertsekas", 
    TITLE="On the Douglas-Rachford splitting method and the proximal point algorithm for maximal monotone operators",
    JOURNAL="Mathematical Programming", 
    VOLUME="55", 
    PAGES="293-318", 
    YEAR="1992"
}
@ARTICLE{64,
    AUTHOR="J. Eckstein and M. C. Ferris", 
    TITLE="Operator-splitting methods for monotone affine variational inequalities, with a parallel application to optimal control",
    JOURNAL="INFORMS Journal on Computing", 
    VOLUME="10", 
    PAGES="218-235", 
    YEAR="1998"
}
@ARTICLE{65,
    AUTHOR="J. Eckstein and M. Fukushima", 
    TITLE="Some reformulations and applications of the alternating direction method of multipliers",
    JOURNAL="Large Scale Optimization: State of the Art", 
    PAGES="119-138", 
    YEAR="1993"
}
@ARTICLE{66,
    AUTHOR="J. Eckstein and B. F. Svaiter", 
    TITLE="A family of projective splitting methods for the sum of two maximal monotone operators",
    JOURNAL="Mathematical Programming",
    VOLUME="111", 
    NUMBER="1-2",
    PAGES="173", 
    YEAR="2008"
}
@ARTICLE{67,
    AUTHOR="J. Eckstein and B. F. Svaiter", 
    TITLE="General projective splitting methods for sums of maximal monotone operators",
    JOURNAL="SIAM Journal on Control and Optimization",
    VOLUME="48", 
    PAGES="787-811", 
    YEAR="2009"
}
@ARTICLE{68,
    AUTHOR="E. Esser",
    TITLE="Applications of Lagrangian-based alternating direction methods and connections to split Bregman", 
    JOURNAL="CAM report",
    VOLUME="9",
    PAGES="31",
    YEAR="2009"
}
@ARTICLE{69,
    AUTHOR="H. Everett",
    TITLE="Generalized Lagrange multiplier method for solving problems of optimum allocation of resources",
    JOURNAL="Operations Research",
    VOLUME="11",
    NUMBER="3",
    PAGES="399-417",
    YEAR="1963"
}
@ARTICLE{70,
    AUTHOR="M. J. Fadili and J. L. Starck", 
    TITLE="Monotone operator splitting for optimization problems in sparse recovery",
    JOURNAL="IEEE ICIP", 
    YEAR="2009"
}
@BOOK{71,
    AUTHOR="A. V. Fiacco and G. P. McCormick", 
    TITLE="Nonlinear Programming: Sequential Unconstrained Minimization Techniques",
    PUBLISHER="Society for Industrial and Applied Mathematics", 
    YEAR="1990"
}
@ARTICLE{72,
    AUTHOR="M. A. T. Figueiredo and J. M. Bioucas-Dias", 
    TITLE="Restoration of Poissonian Images Using Alternating Direction Optimization",
    JOURNAL="IEEE Transactions on Image Processing", 
    VOLUME="19", 
    PAGES="3133-3145", 
    YEAR="2010"
}
@ARTICLE{73,
    AUTHOR="M. A. T. Figueiredo and R. D. Nowak and S. J. Wright",
    TITLE="Gradient projection for sparse reconstruction: Application to compressed sensing and other inverse problems",
    JOURNAL="IEEE Journal on Selected Topics in Signal Processing",
    VOLUME="1",
    NUMBER="4",
    PAGES="586-597",
    YEAR="2007"
}
@ARTICLE{74,
    AUTHOR="P. A. Forero and A. Cano and G. B. Giannakis", 
    TITLE="Consensus-based distributed support vector machines",
    JOURNAL="Journal of Machine Learning Research", 
    VOLUME="11",
    PAGES="1663-1707", 
    YEAR="2010"
}
@BOOK{75,
    AUTHOR="M. Fortin and R. Glowinski", 
    TITLE="Augmented Lagrangian Methods: Applications to the Numerical Solution of Boundary-Value Problems",
    PUBLISHER="North-Holland",
    LOCATION="Amsterdam",
    YEAR="1983"
}
@BOOK{76,
    AUTHOR="M. Fortin and R. Glowinski", 
    TITLE="On decomposition-coordination methods using an augmented Lagrangian in Augmented Lagrangian Methods: Applications to the Solution of Boundary-Value Problems",
    PUBLISHER="North-Holland",
    LOCATION="Amsterdam", 
    YEAR="1983"
}
@BOOK{77,
    AUTHOR="M. Forum", 
    TITLE="MPI: A Message-Passing Interface Standard",
    PUBLISHER="High-Performance Computing Center",
    LOCATION="Stuttgart", 
    YEAR="2009"
}
@INBOOK{78,
    AUTHOR="Y. Freund and R. Schapire", 
    TITLE="A decision-theoretic generalization of on-line learning and an application to boosting in Computational Learning Theory",
    PAGES="23-37", 
    PUBLISHER="Springer", 
    YEAR="1995"
}
@ARTICLE{79,
    AUTHOR="J. Friedman and T. Hastie and R. Tibshirani",
    TITLE="Sparse inverse covariance estimation with the graphical lasso",
    JOURNAL="Biostatistics", 
    VOLUME="9", 
    NUMBER="3", 
    PAGES="432", 
    YEAR="2008"
}
@ARTICLE{80,
    AUTHOR="M. Fukushima", 
    TITLE="Application of the alternating direction method of multipliers to separable convex programming problems",
    JOURNAL="Computational Optimization and Applications", 
    VOLUME="1", 
    PAGES="93-111", 
    YEAR="1992"
}
@BOOK{81,
    AUTHOR="D. Gabay", 
    TITLE="Applications of the method of multipliers to variational inequalities in Augmented Lagrangian Methods: Applications to the Solution of Boundary-Value Problems", 
    PUBLISHER="North-Holland",
    LOCATION="Amsterdam", 
    YEAR="1983"
}
@ARTICLE{82,
    AUTHOR="D. Gabay and B. Mercier", 
    TITLE="A dual algorithm for the solution of nonlinear variational problems via finite element approximations",
    JOURNAL="Computers and Mathematics with Applications", 
    VOLUME="2", 
    PAGES="17-40", 
    YEAR="1976"
}
@BOOK{83,
    AUTHOR="M. Galassi and J. Davies and J. Theiler and B. Gough and G. Jungman and M. Booth and F. Rossi", 
    PUBLISHER="GNU Scientific Library Reference Manual. Network Theory Ltd.",
    EDITION="#",
    YEAR="2002"
}
@ARTICLE{84,
    AUTHOR="A. M. Geoffrion",
    TITLE="Generalized Benders decomposition",
    JOURNAL="Journal of Optimization Theory and Applications",
    VOLUME="10",
    NUMBER="4",
    PAGES="237-260",
    YEAR="1972"
}
@ARTICLE{85,
    AUTHOR="S. Ghemawat and H. Gobioff and S. T. Leung", 
    TITLE="The Google file system",
    JOURNAL="ACM SIGOPS Operating Systems Review", 
    VOLUME="37", 
    NUMBER="5", 
    PAGES="29-43",
    YEAR="2003"
}
@ARTICLE{86,
    AUTHOR="R. Glowinski and A. Marrocco", 
    TITLE="Sur l'approximation, par elements finis d'ordre un, et la resolution, par penalisation-dualite, d'une classe de problems de Dirichlet no.lineares",
    JOURNAL="Revue Francaise d'Automatique, Informatique, et Recherche Operationelle", 
    VOLUME="9", 
    PAGES="41-76", 
    YEAR="1975"
}
@BOOK{87,
    AUTHOR="R. Glowinski and P. L. Tallec", 
    TITLE="Augmented Lagrangian methods for the solution of variational problems",
    PUBLISHER="Tech. Rep. 2965, University of Wisconsin-Madison", 
    YEAR="1987"
}
@ARTICLE{88,
    AUTHOR="T. Goldstein and S. Osher",
    TITLE="The split Bregman method for $\ell_1$ regularized problems",
    JOURNAL="SIAM Journal on Imaging Sciences",
    VOLUME="2",
    NUMBER="2",
    PAGES="323-343",
    YEAR="2009"
}
@ARTICLE{89,
    AUTHOR="E. G. Gol'shtein and N. V. Tret'yakov", 
    TITLE="Modified Lagrangians in convex programming and their generalizations",
    JOURNAL="Point-to-Set Maps and Mathematical Programming", 
    PAGES="86-97", 
    YEAR="1979"
}
@BOOK{90,
    AUTHOR="G. H. Golub and C. F. van Loan", 
    TITLE="Matrix Computations",
    PUBLISHER="Johns Hopkins University Press",
    EDITION="3",
    YEAR="1996"
}
@ARTICLE{91,
    AUTHOR="D. Gregor and A. Lumsdaine", 
    TITLE="The Parallel BGL: A generic library for distributed graph computations",
    PUBLISHER="Parallel Object-Oriented Scientific Computing",
    YEAR="2005"
}
@ARTICLE{92,
    AUTHOR="A. Halevy and P. Norvig and F. Pereira",
    TITLE="The Unreasonable Effectiveness of Data",
    JOURNAL="IEEE Intelligent Systems",
    VOLUME="24",
    NUMBER="2",
    YEAR="2009"
}
@ARTICLES{93,
    AUTHOR="K. B. Hall and S. Gilpin and G. Mann", 
    TITLE="MapReduce/BigTable for distributed optimization in Neural Information Processing Systems: Workshop on Learning on Cores, Clusters, and Clouds", 
    YEAR="2010"
}
@BOOK{94,
    AUTHOR="T. Hastie and R. Tibshirani",
    TITLE="Generalized Additive Models",
    PUBLISHER="Chapman \& Hall",
    YEAR="1990"
}
@BOOK{95,
    AUTHOR="T. Hastie and R. Tibshirani and J. Friedman",
    TITLE="The Elements of Statistical Learning: Data Mining, Inference and Prediction",
    PUBLISHER="Springer",
    EDITION="2",
    YEAR="2009"
}
@ARTICLE{96,
    AUTHOR="B. S. He and H. Yang and S. L. Wang", 
    TITLE="Alternating direction method with selfadaptive penalty parameters for monotone variational inequalities",
    JOURNAL="Journal of Optimization Theory and Applications", 
    VOLUME="106", 
    NUMBER="2", 
    PAGES="337-356", 
    YEAR="2000"
}
@ARTICLE{97,
    AUTHOR="M. R. Hestenes", 
    TITLE="Multiplier and gradient methods",
    JOURNAL="Journal of Optimization Theory and Applications", 
    VOLUME="4", 
    PAGES="302-320", 
    YEAR="1969"
}
@BOOK{98,
    AUTHOR="M. R. Hestenes", 
    TITLE="Multiplier and gradient methods, in Computing Methods in Optimization Problems",
    PUBLISHER="Academic Press", 
    YEAR="1969"
}
@BOOK{99,
    AUTHOR="J.-B. Hiriart-Urruty and C. Lemarechal", 
    TITLE="Fundamentals of Convex Analysis",
    PUBLISHER="Springer", 
    YEAR="2001"
}
@ARTICLE{100,
    AUTHOR="P. J. Huber", 
    TITLE="Robust estimation of a location parameter",
    JOURNAL="Annals of Mathematical Statistics",
    VOLUME="35",
    PAGES="73-101",
    YEAR="1964"
}
@ARTICLE{101,
    AUTHOR="S.-J. Kim and K. Koh and S. Boyd and D. Gorinevsky", 
    TITLE="$\ell_1$ Trend filtering",
    JOURNAL="SIAM Review", 
    VOLUME="51", 
    NUMBER="2", 
    PAGES="339-360", 
    YEAR="2009"
}
@ARTICLE{102,
    AUTHOR="S.-J. Kim and K. Koh and M. Lustig and S. Boyd and D. Gorinevsky",
    TITLE="An interior-point method for large-scale $\ell_1$-regularized least squares",
    JOURNAL="IEEE Journal of Selected Topics in Signal Processing",
    VOLUME="1",
    NUMBER="4",
    PAGES="606-617",
    YEAR="2007"
}
@ARTICLE{103,
    AUTHOR="K. Koh and S.-J. Kim and S. Boyd",
    TITLE="An interior-point method for large-scale $\ell_1$-regularized logistic regression",
    JOURNAL="Journal of Machine Learning Research",
    VOLUME="1",
    NUMBER="8",
    PAGES="1519-1555",
    YEAR="2007"
}
@BOOK{104,
    AUTHOR="D. Koller and N. Friedman", 
    TITLE="Probabilistic Graphical Models: Principles and Techniques",
    PUBLISHER="MIT Press", 
    YEAR="2009"
}
@PHDTHESIS{105,
    AUTHOR="S. A. Kontogiorgis", 
    TITLE="Alternating directions methods for the parallel solution of large-scale block-structured optimization problems",
    SCHOOL="University of Wisconsin-Madison", 
    YEAR="1994"
}
@ARTICLE{106,
    AUTHOR="S. A. Kontogiorgis and R. R. Meyer", 
    TITLE="A variable-penalty alternating directions method for convex optimization",
    JOURNAL="Mathematical Programming", 
    VOLUME="83",
    PAGES="29-53",
    YEAR="1998"
}
@BOOK{107,
    AUTHOR="L. S. Lasdon",
    TITLE="Optimization Theory for Large Systems",
    PUBLISHER="MacMillan",
    YEAR="1970"
}
@INPROCEEDINGS{108,
    AUTHOR="J. Lawrence and J. E. Spingarn", 
    BOOKTITLE="On fixed points of non-expansive piecewise isometric mappings",
    TITLE="Proceedings of the London Mathematical Society", 
    VOLUME="3",
    PAGES="605", 
    YEAR="1987"
}
@ARTICLE{109,
    AUTHOR="C. L. Lawson and R. J. Hanson and D. R. Kincaid and F. T. Krogh", 
    TITLE="Basic linear algebra subprograms for Fortran usage",
    JOURNAL="ACM Transactions on Mathematical Software", 
    VOLUME="5", 
    NUMBER="3", 
    PAGES="308-323", 
    YEAR="1979"
}
@ARTICLE{110,
    AUTHOR="D. D. Lee and H. S. Seung", 
    TITLE="Algorithms for non-negative matrix factorization",
    JOURNAL="Advances in Neural Information Processing Systems", 
    VOLUME="13", 
    YEAR="2001"
}
@INPROCEEDINGS{111,
    AUTHOR="J. Lin and M. Schatz", 
    BOOKTITLE="Design Patterns for Efficient Graph Algorithms in MapReduce",
    TITLE="Proceedings of the Eighth Workshop on Mining and Learning with Graphs", 
    PAGES="78-85", 
    YEAR="2010"
}
@ARTICLE{112,
    AUTHOR="P. L. Lions and B. Mercier", 
    TITLE="Splitting algorithms for the sum of two nonlinear operators",
    JOURNAL="SIAM Journal on Numerical Analysis", 
    VOLUME="16", 
    PAGES="964-979", 
    YEAR="1979"
}
@ARTICLE{113,
    AUTHOR="D. C. Liu and J. Nocedal", 
    TITLE="On the Limited Memory Method for Large Scale Optimization",
    JOURNAL="Mathematical Programming B", 
    VOLUME="45", 
    NUMBER="3", 
    PAGES="503-528",
    YEAR="1989"
}
@CONFERENCE{114,
    AUTHOR="Y. Low and J. Gonzalez and A. Kyrola and D. Bickson and C. Guestrin and J. M. Hellerstein",
    BOOKTITLE="GraphLab: A New Parallel Framework for Machine Learning",
    TITLE="Uncertainty in Artificial Intelligence",
    YEAR="2010"
}
@ARTICLE{115,
    AUTHOR="Z. Lu", 
    TITLE="Smooth optimization approach for sparse covariance selection",
    JOURNAL="SIAM Journal on Optimization", 
    VOLUME="19", 
    NUMBER="4", 
    PAGES="1807-1827", 
    YEAR="2009"
}
@ARTICLE{116,
    AUTHOR="Z. Lu and T. K. Pong and Y. Zhang", 
    TITLE="An Alternating Direction Method for Finding Dantzig Selectors",
    YEAR="2010",
    JOURNAL="??"
}
@BOOK{117,
    AUTHOR="D. G. Luenberger",
    TITLE="Introduction to Linear and Nonlinear Programming",
    PUBLISHER="Addison-Wesley",
    LOCATION="Reading, MA",
    YEAR="1973"
}
@ARTICLE{118,
    AUTHOR="J. Mairal and R. Jenatton and G. Obozinski and F. Bach", 
    TITLE="Network flow algorithms for structured sparsity",
    JOURNAL="Advances in Neural Information Processing Systems",
    VOLUME="24", 
    YEAR="2010"
}
@INPROCEEDINGS{119,
    AUTHOR="G. Malewicz and M. H. Austern and A. J. C. Bik and J. C. Dehnert and I. Horn and N. Leiser and G. Czajkowski", 
    BOOKTITLE="Pregel: A system for large-scale graph processing",
    BOOK="Proceedings of the 2010 International Conference on Management of Data",
    PAGES="135-146", 
    YEAR="2010"
}
@CONFERENCE{120,
    AUTHOR="A. F. T. Martins and M. A. T. Figueiredo and P. M. Q. Aguiar and N. A. Smith and E. P. Xing", 
    BOOKTITLE="An Augmented Lagrangian Approach to Constrained MAP Inference",
    TITLE="International Conference on Machine Learning", 
    YEAR="2011"
}
@ARTICLE{121,
    AUTHOR="G. Mateos and J.-A. Bazerque and G. B. Giannakis", 
    TITLE="Distributed sparse linear regression",
    JOURNAL="IEEE Transactions on Signal Processing", 
    VOLUME="58", 
    PAGES="5262-5276",
    YEAR="2010"
}
@BOOK{122,
    AUTHOR="P. J. McCullagh and J. A. Nelder", 
    TITLE="Generalized Linear Models",
    PUBLISHER="Chapman \& Hall", 
    YEAR="1991"
}
@ARTICLE{123,
    AUTHOR="N. Meinshausen and P. Buhlmann",
    TITLE="High-dimensional graphs and variable selection with the lasso",
    JOURNAL="Annals of Statistics",
    VOLUME="34",
    NUMBER="3",
    PAGES="1436-1462",
    YEAR="2006"
}
@ARTICLE{124,
    AUTHOR="A. Miele and E. E. Cragg and R. R. Iver and A. V. Levy", 
    TITLE="Use of the augmented penalty function in mathematical programming problems, part 1",
    JOURNAL="Journal of Optimization Theory and Applications", 
    VOLUME="8", 
    PAGES="115-130", 
    YEAR="1971"
}
@ARTICLE{125,
    AUTHOR="A. Miele and E. E. Cragg and A. V. Levy", 
    TITLE="Use of the augmented penalty function in mathematical programming problems, part 2",
    JOURNAL="Journal of Optimization Theory and Applications", 
    VOLUME="8", 
    PAGES="131-153", 
    YEAR="1971"
}
@ARTICLE{126,
    AUTHOR="A. Miele and P. E. Mosely and A. V. Levy and G. M. Coggins", 
    TITLE="On the method of multipliers for mathematical programming problems",
    JOURNAL="Journal of Optimization Theory and Applications", 
    VOLUME="10", 
    PAGES="1-33", 
    YEAR="1972"
}
@INPROCEEDINGS{127,
    AUTHOR="J.-J. Moreau", 
    BOOKTITLE="Fonctions convexes duales et points proximaux dans un espace Hilbertien",
    TITLE="Reports of the Paris Academy of Sciences",
    SERIES="A", 
    VOLUME="255",
    PAGES="2897-2899", 
    YEAR="1962"
}
@ARTICLE{128,
    AUTHOR="D. Mosk-Aoyama and T. Roughgarden and D. Shah", 
    TITLE="Fully distributed algorithms for convex optimization problems",
    URL="http://theory.stanford.edu/~tim/papers/distrcvxopt.pdf", 
    YEAR="2007"
}
@ARTICLE{129,
    AUTHOR="I. Necoara and J. A. K. Suykens",
    TITLE="Application of a smoothing technique to decomposition in convex optimization",
    JOURNAL="IEEE Transactions on Automatic Control",
    VOLUME="53",
    NUMBER="11",
    PAGES="2674-2679",
    YEAR="2008"
}
@ARTICLE{130,
    AUTHOR="A. Nedic and A. Ozdaglar", 
    TITLE="Distributed subgradient methods for multiagent optimization",
    JOURNAL="IEEE Transactions on Automatic Control", 
    VOLUME="54", 
    NUMBER="1",
    PAGES="48-61", 
    YEAR="2009"
}
@BOOK{131,
    AUTHOR="A. Nedic and A. Ozdaglar",
    TITLE="Cooperative distributed multi-agent optimization in Convex Optimization in Signal Processing and Communications",
    PUBLISHER="Cambridge University Press",
    YEAR="2010"
}
@ARTICLE{132,
    AUTHOR="Y. Nesterov",
    TITLE="A method of solving a convex programming problem with convergence rate $O(1/k^2)$",
    JOURNAL="Soviet Mathematics Doklady", 
    VOLUME="27",
    NUMBER="2",
    PAGES="372-376",
    YEAR="1983"
}
@INBOOK{133,
    AUTHOR="Y. Nesterov",
    TITLE="Gradient methods for minimizing composite objective function",
    PUBLISHER="CORE Discussion Paper, Catholic University of Louvain",
    VOLUME="76",
    PAGES="2007",
    YEAR="2007"
}
@ARTICLE{134,
    AUTHOR="M. Ng and P. Weiss and X. Yuang",
    TITLE="Solving Constrained Total-Variation Image Restoration and Reconstruction Problems via Alternating Direction Methods",
    JOURNAL="ICM Research Report",
    URL="http://www.optimization-online.org/DB_FILE/2009/10/2434.pdf", 
    YEAR="2009"
}
@BOOK{135,
    AUTHOR="J. Nocedal and S. J. Wright", 
    TITLE="Numerical Optimization",
    PUBLISHER="Springer-Verlag", 
    YEAR="1999"
}
@ARTICLE{136,
    AUTHOR="H. Ohlsson and L. Ljung and S. Boyd", 
    TITLE="Segmentation of ARX-models using sum-of-norms regularization",
    JOURNAL="Automatica", 
    VOLUME="46", 
    PAGES="1107-1111",
    YEAR="2010"
}
@ARTICLE{137,
    AUTHOR="D. W. Peaceman and H. H. Rachford", 
    TITLE="The numerical solution of parabolic and elliptic differential equations",
    JOURNAL="Journal of the Society for Industrial and Applied Mathematics", 
    VOLUME="3", 
    PAGES="28-41", 
    YEAR="1955"
}
@BOOK{138,
    AUTHOR="M. J. D. Powell", 
    TITLE="A method for nonlinear constraints in minimization problems",
    PUBLISHER="Academic Press", 
    YEAR="1969"
}
@ARTICLE{139,
    AUTHOR="A. Ribeiro and I. Schizas and S. Roumeliotis and G. Giannakis", 
    TITLE="Kalman filtering in wireless sensor networks --- Incorporating communication cost in state estimation problems",
    JOURNAL="IEEE Control Systems Magazine", 
    VOLUME="30", 
    PAGES="66-86",
    YEAR="2010"
}
@BOOK{140,
    AUTHOR="R. T. Rockafellar",
    TITLE="Convex Analysis",
    PUBLISHER="Princeton University Press",
    YEAR="1970"
}
@ARTICLE{141,
    AUTHOR="R. T. Rockafellar", 
    TITLe="Augmented Lagrangians and applications of the proximal point algorithm in convex programming",
    JOURNAL="Mathematics of Operations Research", 
    VOLUME="1", 
    PAGES="97-116", 
    YEAR="1976"
}
@ARTICLE{142,
    AUTHOr="R. T. Rockafellar", 
    TITLe="Monotone operators and the proximal point algorithm",
    JOURNAL="SIAM Journal on Control and Optimization", 
    VOLUME="14",
    PAGES="877",
    YEAR="1976"
}
@ARTICLE{143,
    AUTHOR="R. T. Rockafellar and R. J.-B. Wets", 
    TITLE="Scenarios and policy aggregation in optimization under uncertainty",
    JOURNAL="Mathematics of Operations Research", 
    VOLUME="16",
    NUMBER="1", 
    PAGES="119-147", 
    YEAR="1991"
}
@BOOK{144,
    AUTHOR="R. T. Rockafellar and R. J.-B. Wets", 
    TITLE="Variational Analysis",
    PUBLISHER="Springer-Verlag",
    YEAR="1998"
}
@INBOOK{145,
    AUTHOR="L. Rudin and S. J. Osher and E. Fatemi",
    TITLE="Nonlinear total variation based noise removal algorithms",
    PUBLISHER="Physica D",
    VOLUME="60",
    PAGES="259-268",
    YEAR="1992"
}
@ARTICLE{146,
    AUTHOR="A. Ruszczynski", 
    TITLE="An augmented Lagrangian decomposition method for block diagonal linear programming problems",
    JOURNAL="Operations Research Letters", 
    VOLUME="8",
    NUMBER="5", 
    PAGES="287-294", 
    YEAR="1989"
}
@ARTICLE{147,
    AUTHOR="A. Ruszczynski", 
    TITLE="On convergence of an augmented Lagrangian decomposition method for sparse convex optimization",
    JOURNAL="Mathematics of Operations Research", 
    VOLUME="20", 
    NUMBER="3", 
    PAGES="634-656", 
    YEAR="1995"
}
@ARTICLE{148,
    AUTHOR="K. Scheinberg and S. Ma and D. Goldfarb", 
    TITLE="Sparse inverse covariance selection via alternating linearization methods",
    JOURNAL="Advances in Neural Information Processing Systems", 
    YEAR="2010"
}
@ARTICLE{149,
    AUTHOR="I. D. Schizas and G. Giannakis and S. Roumeliotis and A. Ribeiro", 
    TITLE="Consensus in ad hoc WSNs with noisy links-part II: Distributed estimation and smoothing of random signals",
    JOURNAL="IEEE Transactions on Signal Processing", 
    VOLUME="56", 
    PAGES="1650-1666",
    YEAR="2008"
}
@ARTICLE{150,
    AUTHOR="I. D. Schizas and A. Ribeiro and G. B. Giannakis", 
    TITLE="Consensus in ad hoc WSNs with noisy links-part I: Distributed estimation of deterministic signals",
    JOURNAL="IEEE Transactions on Signal Processing", 
    VOLUME="56", 
    PAGES="350-364",
    YEAR="2008"
}
@BOOK{151,
    AUTHOr="B. Scholkopf and A. J. Smola", 
    TITLE="Learning with Kernels",
    SUBTITLE="Support Vector Machines, Regularization, Optimization, and Beyond",
    PUBLISHER="MIT Press", 
    YEAR="2002"
}
@BOOK{152,
    AUTHOR="N. Z. Shor",
    TITLE="Minimization Methods for Non-Differentiable Functions",
    PUBLISHER="Springer-Verlag",
    YEAR="1985"
}
@ARTICLE{153,
    AUTHOR="J. E. Spingarn", 
    TITLE="Applications of the method of partial inverses to convex programming: decomposition",
    JOURNAL="Mathematical Programming", 
    VOLUME="32", 
    PAGES="199-223",
    YEAR="1985"
}
@ARTICLE{154,
    AUTHOR="G. Steidl and T. Teuber", 
    TITLE="Removing multiplicative noise by Douglas-Rachford, splitting methods",
    JOURNAL="Journal of Mathematical Imaging and Vision", 
    VOLUME="36",
    NUMBER="2", 
    PAGES="168-184", 
    YEAR="2010"
}
@ARTICLE{155,
    AUTHOR="C. H. Teo and S. V. N. Vishwanathan and A. J. Smola and Q. V. Le", 
    TITLE="Bundle methods for regularized risk minimization",
    JOURNAL="Journal of Machine Learning Research",
    VOLUME="11",
    PAGES="311-365", 
    YEAR="2010"
}
@INBOOK{156,
    AUTHOR="R. Tibshirani",
    TITLE="Regression shrinkage and selection via the lasso",
    PUBLISHER="Journal of the Royal Statistical Society",
    VOLUME="58",
    PAGES="267-288",
    YEAR="1996"
}
@ARTICLE{157,
    AUTHOR="P. Tseng", 
    TITLE="Applications of a splitting algorithm to decomposition in convex programming and variational inequalities",
    JOURNAL="SIAM Journal on Control and Optimization", 
    VOLUME="29", 
    PAGES="119-138", 
    YEAR="1991"
}
@ARTICLE{158,
    AUTHOR="P. Tseng", 
    TITLE="Alternating projection-proximal methods for convex programming and variational inequalities",
    JOURNAL="SIAM Journal on Optimization", 
    VOLUME="7",
    PAGES="951-965", 
    YEAR="1997"
}
@ARTICLE{159,
    AUTHOR="P. Tseng", 
    TITLE="A modified forward-backward splitting method for maximal monotone mappings",
    JOURNAL="SIAM Journal on Control and Optimization", 
    VOLUME="38", 
    PAGES="431",
    YEAR="2000"
}
@BOOK{160,
    AUTHOR="J. N. Tsitsiklis",
    TITLE="Problems in decentralized decision making and computation. PhD thesis",
    PUBLISHER="Massachusetts Institute of Technology",
    YEAR="1984"
}
@ARTICLE{161,
    AUTHOR="J. N. Tsitsiklis and D. P. Bertsekas and M. Athans", 
    TITLE="Distributed asynchronous deterministic and stochastic gradient optimization algorithms",
    JOURNAL="IEEE Transactions on Automatic Control",
    VOLUME="31",
    NUMBER="9",
    PAGES="803-812",
    YEAR="1986"
}
@ARTICLE{162,
    AUTHOR="H. Uzawa", 
    TITLE="Market mechanisms and mathematical programming",
    JOURNAL="Econometrica: Journal of the Econometric Society", 
    VOLUME="28", 
    NUMBER="4", 
    PAGES="872-881", 
    YEAR="1960"
}
@ARTICLE{163,
    AUTHOR="H. Uzawa", 
    TITLE="Walras tatonnement in the theory of exchange",
    JOURNAL="The Review of Economic Studies", 
    VOLUME="27", 
    NUMBER="3", 
    PAGES="182-194", 
    YEAR="1960"
}
@ARTICLE{164,
    AUTHOR="L. G. Valiant", 
    TITLE="A bridging model for parallel computation",
    JOURNAL="Communications of the ACM", 
    VOLUME="33", 
    NUMBER="8", 
    PAGES="111", 
    YEAR="1990"
}
@BOOK{165,
    AUTHOR="V. N. Vapnik", 
    TITLE="The Nature of Statistical Learning Theory",
    PUBLISHER="Springer-Verlag",
    YEAR="2000"
}
@BOOK{166,
    AUTHOR="J. von Neumann", 
    TITLE="Functional Operators", 
    VOLUME="2",
    SUBTITLE="The Geometry of Orthogonal Spaces",
    PUBLISHER="Princeton University Press: Annals of Mathematics Studies", 
    YEAR="1950"
}
@BOOK{167,
    AUTHOR="M. J. Wainwright and M. I. Jordan",
    SUBTITLE="Graphical models, exponential families, and variational inference",
    TITLE="Foundations and Trends in Machine Learning",
    VOLUME="1", 
    NUMBER="1-2", 
    PAGES="1-305", 
    YEAR="2008"
}
@BOOK{168,
    AUTHOR="L. Walras",
    TITLE="Elements d'economie politique pure, ou, Theorie de la richesse sociale", 
    PUBLISHER="F. Rouge", 
    YEAR="1896"
}
@ARTICLE{169,
    AUTHOR="S. L. Wang and L. Z. Liao", 
    TITLE="Decomposition method with a variable parameter for a class of monotone variational inequality problems",
    JOURNAL="Journal of Optimization Theory and Applications", 
    VOLUME="109", 
    NUMBER="2", 
    PAGES="415-429", 
    YEAR="2001"
}
@BOOK{170,
    AUTHOR="T. White", 
    TITLE="Hadoop: The Definitive Guide",
    PUBLISHER="O'Reilly Press",
    EDITION="2",
    YEAR="2010"
}
@BOOK{171,
    AUTHOR="J. M. Wooldridge",
    TITLE="Introductory Econometrics: A Modern Approach",
    PUBLISHER="South Western College Publications",
    EFITION="4",
    YEAR="2009"
}
@ARTICLE{172,
    AUTHOR="L. Xiao and S. Boyd", 
    TITLE="Fast linear iterations for distributed averaging",
    JOURNAL="Systems \& Control Letters", 
    VOLUME="53", 
    NUMBER="1", 
    PAGES="65-78", 
    YEAR="2004"
}
@ARTICLE{173,
    AUTHOR="A. Y. Yang and A. Ganesh and Z. Zhou and S. S. Sastry and Y. Ma",
    TITLE="A Review of Fast $\ell_1$-Minimization Algorithms for Robust Face Recognition",
    YEAR="2010",
    JOURNAL="??"
}
@ARTICLE{174,
    AUTHOR="J. Yang and X. Yuan", 
    TITLE="An inexact alternating direction method for trace norm regularized least squares problem",
    URL="http://www.optimization-online.org", 
    YEAR="2010",
    JOURNAL="??"
}
@ARTICLE{175,
    AUTHOR="J. Yang and Y. Zhang",
    TITLE="Alternating direction algorithms for $\ell_1$-problems in compresed sensing",
    YEAR="2009",
    JOURNAL="??"
}
@ARTICLE{176,
    AUTHOR="W. Yin and S. Osher and D. Goldfarb and J. Darbon",
    TITLE="Bregman iterative algorithms for $\ell_1$-minimization with applications to compressed sensing", 
    JOURNAL="SIAM Journal on Imaging Sciences",
    VOLUME="1",
    NUMBER="1",
    PAGES="143-168",
    YEAR="2008"
}
@ARTICLE{177,
    AUTHOR="M. Yuan and Y. Lin", 
    TITLE="Model selection and estimation in regression with grouped variables",
    JOURNAL="Journal of the Royal Statistical Society: Series B (Statistical Methodology)", 
    VOLUME="68", 
    NUMBER="1", 
    PAGES="49-67", 
    YEAR="2006"
}
@ARTICLE{178,
    AUTHOR="X. M. Yuan", 
    TITLE="Alternating direction methods for sparse covariance selection",
    URL="http://www.optimization-online.org/DB_FILE/2009/09/2390.pdf", 
    YEAR="2009",
    JOURNAL="??"
}
@INPROCEEDINGS{179,
    AUTHOR="M. Zaharia and M. Chowdhury and M. J. Franklin and S. Shenker and and I. Stoica", 
    BOOKTITLE="Spark: Cluster computing with working sets",
    TITLE="Proceedings of the 2nd USENIX Conference on Hot Topics in Cloud Computing", YEAR="2010"
}
@ARTICLE{180,
    AUTHOR="T. Zhang", 
    TITLE="Statistical behavior and consistency of classification methods based on convex risk minimization",
    JOURNAL="Annals of Statistics", 
    VOLUME="32", 
    NUMBER="1", 
    PAGES="56-85",
    YEAR="2004"
}
@ARTICLE{181,
    AUTHOR="P. Zhao and G. Rocha and B. Yu", 
    TITLE="The composite absolute penalties family for grouped and hierarchical variable selection",
    JOURNAL="Annals of Statistics", 
    VOLUME="37",
    NUMBER="6",
    SERIES="A", 
    PAGES="3468-3497", 
    YEAR="2009"
}
@ARTICLE{182,
    AUTHOR="H. Zhu and A. Cano and G. B. Giannakis", 
    TITLE="Distributed consensus-based demodulation: algorithms and error analysis",
    JOURNAL="IEEE Transactions on Wireless Communications",
    VOLUME="9", 
    NUMBER="6", 
    PAGES="2044-2054", 
    YEAR="2010"
}
@ARTICLE{183,
    AUTHOR="H. Zhu and G. B. Giannakis and A. Cano",
    TITLE="Distributed in-network channel decoding",
    JOURNAL="IEEE Transactions on Signal Processing", 
    VOLUME="57", 
    NUMBER="10", 
    PAGES="3970-3983",
    YEAR="2009"
}